@book{Sciavicco:2000,
 author = {Sciavicco, L. and Siciliano, Bruno and Sciavicco, B.},
 title = {Modelling and Control of Robot Manipulators},
 year = {2000},
 isbn = {1852332212},
 edition = {1nd},
 publisher = {Springer-Verlag},
 address = {Berlin, Heidelberg},
} 
@article{Alexander_84,
	author = {R. McN. Alexander},
	title ={The Gaits of Bipedal and Quadrupedal Animals},
	journal = {The International Journal of Robotics Research},
	volume = {3},
	number = {2},
	pages = {49-59},
	year = {1984},
	doi = {10.1177/027836498400300205},
	URL = {https://doi.org/10.1177/027836498400300205},
	eprint = {https://doi.org/10.1177/027836498400300205},
	abstract = { The gaits of reptiles, birds, and mammals are reviewed. It is shown that mammals of different sizes tend to move in dy namically similar fashion whenever their Froude numbers u2/gh are equal: here u is speed, g is the acceleration of free fall, and h is the height of the hip joint from the ground. The gaits of turtles and people are examined in detail. The gaits of turtles appear to reduce unwanted displacements (pitch, roll, etc.) to the minimum possible for animals with such slow muscles. The patterns of force exerted in human walking and running minimize the work required of the muscles at each speed. Much of the energy that would otherwise be neededfor running, by people and other large mammals, is saved by tendon elasticity. }
	}
@book{mcmahon_muscles_1984,
	location = {New Jersey},
	title = {Muscles, reflexes, and locomotion},
	isbn = {0-691-08322-3},
	publisher = {Princeton Univ Pr},
	author = {{McMahon}, T. A},
	year = {1984}
	}
@article{mcmahon_mechanics_1984,
	title = {Mechanics of locomotion},
	volume = {3},
	pages = {4},
	number = {2},
	journaltitle = {The International Journal of Robotics Research},
	author = {{McMahon}, T. A},
	year = {1984},
	}
@article{schmiedeler_mechanics_1999,
	title = {The mechanics of quadrupedal galloping and the future of legged vehicles},
	volume = {18},
	pages = {1224--1234},
	number = {12},
	journaltitle = {The International Journal of Robotics Research},
	author = {Schmiedeler, James P. and Waldron, Kenneth J.},
	year = {1999},
	}
@article{michele_focchi_online_2017,
	title = {Online Identification for Quadruped Robots},
	author = {{Michele Focchi} and {Guido Tournois} and {Andrea del Prete} and {Romeo Orsolino} and {Darwin Caldwell} and {Claudio Semini}},
	keywords = {legged robot, quadruped robot},
	file = {Online Identification for Quadruped Robots.pdf:/Users/antoniobentofilho/Dropbox/Bibliografia/LeggedRobots/Online Identification for Quadruped Robots.pdf:application/pdf}
	}
@book{song_machines_1989,
	title = {Machines that walk: the adaptive suspension vehicle},
	shorttitle = {Machines that walk},
	publisher = {The {MIT} Press},
	author = {Song, S. M and Waldron, K. J},
	year = {1989},
	file = {Snapshot:/Users/antoniobentofilho/Zotero/storage/2GK6CHDM/Song e Waldron - 1989 - Machines that walk the adaptive suspension vehicl.html:text/html}
	}
@inproceedings{migliore_biologically_2005,
	title = {Biologically inspired joint stiffness control},
	pages = {4508--4513},
	booktitle = {Robotics and Automation, 2005. {ICRA} 2005. Proceedings of the 2005 {IEEE} International Conference on},
	publisher = {{IEEE}},
	author = {Migliore, Shane A. and Brown, Edgar A. and {DeWeerth}, Stephen P.},
	year = {2005},
	keywords = {biologically inspired, variable stiffness, {FPGA}},
	file = {Snapshot:/Users/antoniobentofilho/Zotero/storage/ZS88974S/1570814.html:text/html}
	}
@incollection{meyer_biologically_2008,
	title = {Biologically inspired robots},
	pages = {1395--1422},
	booktitle = {Springer Handbook of Robotics},
	publisher = {Springer},
	author = {Meyer, Jean-Arcady and Guillot, Agnes},
	year = {2008},
	file = {Meyer and Guillot - 2008 - Biologically inspired robots.pdf:/Users/antoniobentofilho/Dropbox/Bibliografia/LeggedRobots/Meyer and Guillot - 2008 - Biologically inspired robots.pdf:application/pdf;Snapshot:/Users/antoniobentofilho/Zotero/storage/DZCL8H9U/10.html:text/html}
	}
@article{ZHANG1989211,
	title = "Gaits and geometry of a walking chair for the disabled",
	journal = "Journal of Terramechanics",
	volume = "26",
	number = "3",
	pages = "211 - 233",
	year = "1989",
	issn = "0022-4898",
	doi = "https://doi.org/10.1016/0022-4898(89)90037-2",
	url = "http://www.sciencedirect.com/science/article/pii/0022489889900372",
	author = "Chang-de Zhang and Shin-Min Song"
	}
@article{ZHANG19931,
	title = "A study of the stability of generalized wave gaits",
	journal = "Mathematical Biosciences",
	volume = "115",
	number = "1",
	pages = "1 - 32",
	year = "1993",
	issn = "0025-5564",
	doi = "https://doi.org/10.1016/0025-5564(93)90045-C",
	url = "http://www.sciencedirect.com/science/article/pii/002555649390045C",
	author = "Chang-De Zhang and Shin-Min Song"
	}
@article{semini_design_2011,
	title = {Design of {HyQ}–a hydraulically and electrically actuated quadruped robot},
	url = {http://pii.sagepub.com/content/early/2011/07/29/0959651811402275.abstract},
	pages = {0959651811402275},
	journaltitle = {Proceedings of the Institution of Mechanical Engineers, Part I: Journal of Systems and Control Engineering},
	author = {Semini, Claudio and Tsagarakis, Nikos G. and Guglielmino, Emanuele and Focchi, Michele and Cannella, Ferdinando and Caldwell, Darwin G.},
	urldate = {2015-04-27},
	year = {2011},
	}
@book{spong_robot_2006,
	title = {Robot modeling and control},
	isbn = {0-471-64990-2},
	publisher = {Wiley New Jersey},
	author = {Spong, M. W and Hutchinson, S. and Vidyasagar, M.},
	year = {2006},
	file = {Spong - Robot Modeling and Control.pdf:C\:\\Documents and Settings\\UFES\\Meus documentos\\My Dropbox\\Bibliografia\\Livros\\Spong - Robot Modeling and Control.pdf:application/pdf}
	}
@thesis{bento_filho_modeling_2007,
	location = {Brazil},
	title = {Modeling, Gait Control and Obstacle Surpassing of the Guará, a Four Legged Robot with Four {DOF} in Each Leg},
	institution = {Federal University of Espírito Santo},
	type = {phdthesis},
	author = {Bento Filho, Antônio},
	year = {2007},
	keywords = {leg, legged locomotion, legged robot, obstacle avoidance, obstacle surpassing},
	file = {Tese711081409Capes.pdf:/Users/antoniobentofilho/Dropbox/Bibliografia/LeggedRobots/Tese711081409Capes.pdf:application/pdf}
	}
@inproceedings{bonitz_mars_1997,
	title = {Mars surveyor'98 lander {MVACS} robotic arm control system design concepts},
	volume = {3},
	pages = {2465--2470},
	booktitle = {Robotics and Automation, 1997. Proceedings., 1997 {IEEE} International Conference on},
	author = {Bonitz, R.G.},
	year = {1997},
	file = {Google Scholar Linked Page:/Users/antoniobentofilho/Zotero/storage/IW6BK8FD/abs_all.html:text/html;Mars Surveyor 98 Lander MVACS Robotic Arm Control System.pdf:E\:\\Dropbox\\Bibliografia\\ImpedanceForceControl\\Mars Surveyor 98 Lander MVACS Robotic Arm Control System.pdf:application/pdf}
	}
@book{rose_human_1994,
	title = {Human walking},
	author = {Rose, Jessica},
	year = {1994},
	file = {human_walking.chm:/Users/antoniobentofilho/Dropbox/Bibliografia/Livros/human_walking.chm:application/octet-stream;Snapshot:/Users/antoniobentofilho/Zotero/storage/YV9U6HF6/Rose - 1994 - Human walking:}
	}
@article{inman_major_1953,
	title = {The major determinants in normal and pathological gait},
	volume = {35},
	pages = {543--558},
	number = {3},
	journaltitle = {{JBJS}},
	author = {Inman, Verne T. and Eberhart, Howard D.},
	year = {1953},
	file = {Snapshot:/Users/antoniobentofilho/Zotero/storage/B29AVZDZ/THE_MAJOR_DETERMINANTS_IN_NORMAL_AND_PATHOLOGICAL.3.html:text/html}
	}
@article{griffin_biomechanics_2004,
	title = {Biomechanics of quadrupedal walking: how do four-legged animals achieve inverted pendulum-like movements?},
	volume = {207},
	issn = {0022-0949},
	doi = {10.1242/jeb.01177},
	pages = {3545--3558},
	issue = {Pt 20},
	journaltitle = {The Journal of Experimental Biology},
	shortjournal = {J. Exp. Biol.},
	author = {Griffin, Timothy M. and Main, Russell P. and Farley, Claire T.},
	year = {2004-09},
	pmid = {15339951},
	keywords = {Animals, Biomechanical Phenomena, Dogs, Forelimb, Gait, Hindlimb, Models, Biological, Time Factors, Walking},
	file = {Griffin et al. - 2004 - Biomechanics of quadrupedal walking how do four-l.pdf:/Users/antoniobentofilho/Dropbox/Bibliografia/LeggedRobots/Griffin et al. - 2004 - Biomechanics of quadrupedal walking how do four-l.pdf:application/pdf}
	}
@InProceedings{tonetto_musme,
	author="Tonetto, Cristiane P. and  Bento F, Ant{\^o}nio and Dias, Altamir",
	editor="Carvalho, Jo{\~a}o Carlos Mendes
	and Martins, Daniel
	and Simoni, Roberto
	and Simas, Henrique",
	title="Modeling of a Four-Legged Robot with Variable Center of Mass as a Cooperative Multirobot System",
	booktitle="Multibody Mechatronic Systems",
	year="2018",
	publisher="Springer International Publishing",
	address="Cham",
	pages="116--127",
	}
@article{bares_dante_1999,
	title = {Dante {II}: Technical description, results, and lessons learned},
	volume = {18},
	shorttitle = {Dante {II}},
	pages = {621-649},
	number = {7},
	journaltitle = {The International Journal of Robotics Research},
	author = {Bares, John E. and Wettergreen, David S.},
	date = {1999}
	}
@online{dafarra_control_nodate,
	title = {A Control Architecture with Online Predictive Planning for Position and Torque Controlled Walking of Humanoid Robots},
	author = {Dafarra, Stefano and Gabriele, Nava and Marie, Charboneau and Nuno, Guedelha and Francisco, Andrade and Si;vio, Traversaro and Luca, Fiorio and Francesco, Romano and Francesco, Nori and Giorgio, Metta and Daniele, Pucci},
	year = {2018},
	keywords = {humanoid robot, layered control, {QP}-based torque controller},
	}
@inproceedings{koolen_design_nodate,
	title = {{DESIGN} {OF} A {MOMENTUM}-{BASED} {CONTROL} {FRAMEWORK} {AND} {APPLICATION} {TO} {THE} {HUMANOID} {ROBOT} {ATLAS}},
	author = {Koolen, Twan and Bertrand, Sylvain and Thomas, Gray and Boer, Tomas and Wu, Tingfan and Smith, Jesper and Englsberger, Johannes and Pratt, Jerry},
	keywords = {Atlas, bipedal walking, capture point, humanoid robot, momentum, motion control, quadratic programming},
	year={2015},
	}
@article{bares1999,
	author = {Bares, John and Wettergreen, David},
	title = {Dante II: Technical Description, Results and Lessons Learned},
	journal = {International Journal of Robotics Research},
	year = {1999},
	month = {July},
	volume = {18},
	number = {7},
	pages = {621-649},
	}
@article{kar2003,
	author = {Kar, D. C.},
	title = {Design of Statically Stable Walking Robot: A Review},
	journal = {Journal of Robotic Systems},
	year = {2003},
	volume = {20},
	number = {11},
	pages = {671-686},
	doi = {10.1002/rob.10118},
	url = {https://onlinelibrary.wiley.com/doi/abs/10.1002/rob.10118},
	eprint = {https://onlinelibrary.wiley.com/doi/pdf/10.1002/rob.10118},
	}
@article{raibert2008,
	author = {Marc Raibert and Kevin Blankespoor and Gabriel Nelson and Rob Playter},
	title = {BigDog, the Rough-Terrain Quadruped Robot},
	journal = {IFAC Proceedings Volumes},
	volume = {41},
	number = {2},
	pages = {10822 - 10825},
	year = {2008},
	note = {17th IFAC World Congress},
	issn = {1474-6670},
	doi = {https://doi.org/10.3182/20080706-5-KR-1001.01833},
	url = {http://www.sciencedirect.com/science/article/pii/S1474667016407020},
	}
@article{ponticelli2008,
	author = {Ponticelli, R. and Garcia, E. and Gonzalez de Santos, P. and Armada, M},
	title = {A scanning robotic system for humanitarian de-mining activities},
	journal = {Industrial Robot: An International Journal},
	volume = {35},
	number = {2},
	pages = {133-142},
	year = {2008},
	doi = {10.1108/01439910810854629},
	URL = {https://doi.org/10.1108/01439910810854629},
	}
@Article{goncalves2015,
	author={Gon{\c{c}}alves, Rog{\'e}rio Sales
	and Carvalho, Jo{\~a}o Carlos Mendes},
	title={A mobile robot to be applied in high-voltage power lines},
	journal={Journal of the Brazilian Society of Mechanical Sciences and Engineering},
	year={2015},
	month={Jan},
	day={01},
	volume={37},
	number={1},
	pages={349--359},
	issn={1806-3691},
	doi={10.1007/s40430-014-0152-0},
	url={https://doi.org/10.1007/s40430-014-0152-0}
	}
@article{kumar2013,
	title = {Dynamic modelling \& simulation of a four legged jumping robot with compliant legs},
	author = {Ganesh Kumar and Pushparaj ManiPathak},
	journal = {Robotics and Autonomous Systems},
	volume = {61},
	number = {3},
	pages = {221 - 228},
	year = {2013}
	}
@article{chen2016,
	author={Chen, Gang
	and Jin, Bo
	and Chen, Ying},
	title={Inverse Kinematics Solution for Position--Orientation Adjustment Algorithm of Six-Legged Robot Based on Geometry Structure},
	journal={Iranian Journal of Science and Technology, Transactions of Mechanical Engineering},
	year={2016},
	month={Jun},
	day={01},
	volume={40},
	number={2},
	pages={131--137},
	issn={2364-1835},
	doi={10.1007/s40997-016-0015-7},
	url={https://doi.org/10.1007/s40997-016-0015-7}
	}
@article{chen2018,
	title = {Nonsingular fast terminal sliding mode posture control for six-legged walking robots with redundant actuation},
	journal = {Mechatronics},
	volume = {50},
	pages = {1 - 15},
	year = {2018},
	issn = {0957-4158},
	doi = {https://doi.org/10.1016/j.mechatronics.2018.01.011},
	url = {http://www.sciencedirect.com/science/article/pii/S0957415818300114},
	author = {Gang Chen and Bo Jin and Ying Chen},
	keywords = {Nonsingular fast terminal sliding mode, Posture control, Six-legged walking robots, Redundant actuation}
	issn = {0921-8890},
	doi = {https://doi.org/10.1016/j.robot.2012.09.025},
	url = {http://www.sciencedirect.com/science/article/pii/S0921889012001807},
	author = {Ganesh Kumar K. and Pushparaj Mani Pathak},
	keywords = {Passive dynamics, Legged locomotion, Sagittal plane, Control}
	}
@INPROCEEDINGS{rebula2007, 
	author={J. R. Rebula and P. D. Neuhaus and B. V. Bonnlander and M. J. Johnson and J. E. Pratt}, 
	booktitle={Proceedings 2007 IEEE International Conference on Robotics and Automation}, 
	title={A Controller for the LittleDog Quadruped Walking on Rough Terrain}, 
	year={2007}, 
	volume={}, 
	number={}, 
	pages={1467-1473}, 
	keywords={collision avoidance;image motion analysis;legged locomotion;robot kinematics;robot vision;stability;LittleDog quadruped robot;walking controller;rough terrain;static walking;deliberative components;reactive components;task specific control;impassable terrain;unmodeled foot slippage;controller architecture;multiple gait controller;stable omnidirectional gait;directional gait;obstacle negotiation;rocky terrain;Legged locomotion;Foot;Leg;Robot sensing systems;Navigation;Stability;Motion control;Measurement units;Knee;Search problems}, 
	doi={10.1109/ROBOT.2007.363191}, 
	ISSN={1050-4729}, 
	month={April},
	}
@article{nowicki2017,
	author = {Michal R. Nowicki and Dominik Belter and Aleksander Kostusiak and Petr CÌûek and Jan Faigl and Piotr Skrzypczynski},
	title = {An experimental study on feature-based SLAM for multi-legged robots with RGB-D sensors},
	journal = {Industrial Robot: An International Journal},
	volume = {44},
	number = {4},
	pages = {428-441},
	year = {2017},
	doi = {10.1108/IR-11-2016-0340},
	URL = {https://doi.org/10.1108/IR-11-2016-0340},
	}
@article{kimura2007,
	author = {Hiroshi Kimura and Yasuhiro Fukuoka and Avis H. Cohen},
	title ={Adaptive Dynamic Walking of a Quadruped Robot on Natural Ground Based on Biological Concepts},
	journal = {The International Journal of Robotics Research},
	volume = {26},
	number = {5},
	pages = {475-490},
	year = {2007},
	doi = {10.1177/0278364907078089},
	URL = {https://doi.org/10.1177/0278364907078089}
	}
@article{focchi2017,
	author={Focchi, Michele and del Prete, Andrea and Havoutis, Ioannis and Featherstone, Roy and Caldwell, Darwin G. and Semini, Claudio},
	title={High-slope terrain locomotion for torque-controlled quadruped robots},
	journal={Autonomous Robots},
	year={2017},
	month={Jan},
	day={01},
	volume={41},
	number={1},
	pages={259--272},
	issn={1573-7527},
	doi={10.1007/s10514-016-9573-1},
	url={https://doi.org/10.1007/s10514-016-9573-1}
	}
@article{hoffmann2017,
	title = {The Merits of Passive Compliant Joints in Legged Locomotion: Fast Learning, Superior Energy Efficiency and Versatile Sensing in a Quadruped Robot},
	journal = {Journal of Bionic Engineering},
	volume = {14},
	number = {1},
	pages = {1 - 14},
	year = {2017},
	issn = {1672-6529},
	doi = {https://doi.org/10.1016/S1672-6529(16)60374-8},
	url = {http://www.sciencedirect.com/science/article/pii/S1672652916603748},
	author = {Matej Hoffmann and Jakub Simanek},
	}
@article{rodrigues2011,
	author = {Antonio Gonzalez Rodriguez and Angel Gonzalez Rodriguez and Pierluigi Rea},
	title = {A new articulated leg for mobile robots},
	journal = {Industrial Robot: An International Journal},
	volume = {38},
	number = {5},
	pages = {521-532},
	year = {2011},
	doi = {10.1108/01439911111154090},
	URL = {https://doi.org/10.1108/01439911111154090},
	eprint = {https://doi.org/10.1108/01439911111154090}
	}
@article{heim2016,
	author = {Steve W. Heim and Mostafa Ajallooeian and Peter Eckert and Massimo Vespignani and Auke Jan Ijspeert},
	title = {On designing an active tail for legged robots: simplifying control via decoupling of control objectives},
	journal = {Industrial Robot: An International Journal},
	volume = {43},
	number = {3},
	pages = {338-346},
	year = {2016},
	doi = {10.1108/IR-10-2015-0190},
	URL = {https://doi.org/10.1108/IR-10-2015-0190},
	}
@article{berkemeier1998,
	author = {Matthew D. Berkemeier},
	title ={Modeling the Dynamics of Quadrupedal Running},
	journal = {The International Journal of Robotics Research},
	volume = {17},
	number = {9},
	pages = {971-985},
	year = {1998},
	doi = {10.1177/027836499801700905},
	URL = {https://doi.org/10.1177/027836499801700905}
	}
@ARTICLE{griffin2017, 
	author={Griffin,R. and Cobb, T. and Craig, T. and Daniel, M. and  van Dijk, N. and Gines J. and Kramer, K. and Shah, S. and Siebinga, O. and Smith, J. and Neuhaus, P}, 
	journal={IEEE Robotics Automation Magazine}, 
	title={Stepping Forward with Exoskeletons: Team IHMC's Design and Approach in the 2016 Cybathlon}, 
	year={2017}, 
	volume={24}, 
	number={4}, 
	pages={66-74}, 
	doi={10.1109/MRA.2017.2754284}, 
	ISSN={1070-9932}, 
	month={Dec},
	}
@article{rocha2011,
	author={Rocha, C.R. and Tonetto, C.P. and Dias, A.},
	title = {A comparison between the {D}enavit-{H}artenberg and the screw-based methods used in kinematic modeling of robot manipulators},
	journal = {Robotics and Computer-Integrated Manufacturing},
	volume = {27},
	number = {4},
	pages = {723 - 728},
	year = {2011},
	note = {{Conference papers of Flexible Automation and Intelligent Manufacturing}},
	issn = {0736-5845},
	doi = {https://doi.org/10.1016/j.rcim.2010.12.009},
	}
@thesis{byl2008,
	title = {Metastable Legged-Robot Locomotion},
	url = {http://hdl.handle.net/1721.1/46362},
	author = {Byl, Katie},
	school   = {Massachusetts Institute of Technology},
	year={2008}
	}
@thesis{schmiedeler_mechanics_2001,
	title = {The mechanics of and robotic design for quadrupedal galloping},
	institution = {The Ohio State University},
	type = {phdthesis},
	author = {Schmiedeler, James Patrick},
	year = {2001}
}
@book{paul_robot_1981,
	title = {Robot manipulators: mathematics, programming, and control: the computer control of robot manipulators},
	shorttitle = {Robot manipulators},
	publisher = {Richard Paul},
	author = {Paul, Richard P.},
	year = {1981},
}

@book{craig_introduction_1989,
	title = {Introduction to robotics: mechanics and control},
	volume = {74},
	shorttitle = {Introduction to robotics},
	publisher = {Addison-Wesley New York;},
	author = {Craig, J. J},
	year = {1989},
}
@article{popovic_ground_2005,
	title = {Ground reference points in legged locomotion: Definitions, biological trajectories and control implications},
	volume = {24},
	shorttitle = {Ground reference points in legged locomotion},
	pages = {1013--1032},
	number = {12},
	journaltitle = {The International Journal of Robotics Research},
	author = {Popovic, Marko B. and Goswami, Ambarish and Herr, Hugh},
	urldate = {2015-11-21},
	year = {2005},
}
@inproceedings{popovic_angular_2004,
	title = {Angular momentum regulation during human walking: biomechanics and control},
	volume = {3},
	shorttitle = {Angular momentum regulation during human walking},
	pages = {2405--2411},
	booktitle = {Robotics and Automation, 2004. Proceedings. {ICRA}'04. 2004 {IEEE} International Conference on},
	publisher = {{IEEE}},
	author = {Popovic, Marko and Hofmann, Andreas and Herr, Hugh},
	urldate = {2015-09-09},
	year = {2004},
}
@inproceedings{pratt_bookchapter_2016,
	title= 	{Stepping for Balance Maintenance including Push-Recovery},
	booktitle = {Handbook of Humanoid Robotics},
	publisher = {Springer, in preparation},
	author = {Pratt, Jerry Edward and Bertrand, Sylvain and Koolen, Twan},
	year = {2016},
}
